<record><leader>00000cas a22000007a 4500</leader><controlfield tag="001">9358015</controlfield><controlfield tag="008">830329d18851941ksuwr ne      0    0eng d</controlfield><controlfield tag="009">3789</controlfield><datafield ind1=" " ind2=" " tag="010"><subfield code="a">sn 83040037 </subfield></datafield><datafield ind1=" " ind2=" " tag="040"><subfield code="a">KSH</subfield><subfield code="b">eng</subfield><subfield code="c">KSH</subfield><subfield code="d">NPT</subfield></datafield><datafield ind1="1" ind2=" " tag="029"><subfield code="a">AU@</subfield><subfield code="b">000025788657</subfield></datafield><datafield ind1=" " ind2=" " tag="042"><subfield code="a">msc</subfield></datafield><datafield ind1=" " ind2=" " tag="043"><subfield code="a">n-us-ks</subfield></datafield><datafield ind1="0" ind2="0" tag="245"><subfield code="a">Westphalia times.</subfield></datafield><datafield ind1=" " ind2=" " tag="260"><subfield code="a">Westphalia, Kan. :</subfield><subfield code="b">Adele D. Reed,</subfield><subfield code="c">1885-1941.</subfield></datafield><datafield ind1=" " ind2=" " tag="300"><subfield code="a">56 v. :</subfield><subfield code="b">ill. ;</subfield><subfield code="c">60 cm.</subfield></datafield><datafield ind1=" " ind2=" " tag="310"><subfield code="a">Weekly</subfield></datafield><datafield ind1="0" ind2=" " tag="362"><subfield code="a">Vol. 1, no. 1 (Oct. 22, 1885)-v. 56, no. 51 (June 26, 1941).</subfield></datafield><datafield ind1=" " ind2=" " tag="500"><subfield code="a">"Independent."</subfield></datafield><datafield ind1=" " ind2=" " tag="500"><subfield code="a">Editor: Adele D. Reed.</subfield></datafield><datafield ind1="1" ind2=" " tag="700"><subfield code="a">Reed, Adele D.</subfield></datafield><datafield ind1=" " ind2=" " tag="752"><subfield code="a">United States</subfield><subfield code="b">Kansas</subfield><subfield code="c">Anderson</subfield><subfield code="d">Westphalia.</subfield></datafield></record>